<record><leader>00000cas a2200000 a 4500</leader><controlfield tag="001">11334362</controlfield><controlfield tag="008">841101d18731902ksuwr ne      0    0eng d</controlfield><datafield ind1=" " ind2=" " tag="010"><subfield code="a">sn 84030135 </subfield></datafield><datafield ind1=" " ind2=" " tag="040"><subfield code="a">KSH</subfield><subfield code="b">eng</subfield><subfield code="c">KSH</subfield><subfield code="d">NPT</subfield><subfield code="d">NPX</subfield><subfield code="d">NVF</subfield><subfield code="d">OCL</subfield><subfield code="d">OCLCQ</subfield><subfield code="d">OCLCF</subfield><subfield code="d">OCLCO</subfield><subfield code="d">OCLCA</subfield></datafield><datafield ind1="1" ind2=" " tag="029"><subfield code="a">AU@</subfield><subfield code="b">000024686936</subfield></datafield><datafield ind1=" " ind2=" " tag="042"><subfield code="a">msc</subfield></datafield><datafield ind1=" " ind2=" " tag="043"><subfield code="a">n-us-ks</subfield></datafield><datafield ind1="0" ind2="4" tag="245"><subfield code="a">The Junction City tribune.</subfield></datafield><datafield ind1=" " ind2=" " tag="260"><subfield code="a">Junction City, Kan. :</subfield><subfield code="b">H.N. Farley,</subfield><subfield code="c">1873-1902.</subfield></datafield><datafield ind1=" " ind2=" " tag="300"><subfield code="a">30 v. :</subfield><subfield code="b">ill. ;</subfield><subfield code="c">50-65 cm.</subfield></datafield><datafield ind1=" " ind2=" " tag="310"><subfield code="a">Weekly</subfield></datafield><datafield ind1="0" ind2=" " tag="362"><subfield code="a">Vol. 1, no. 1 (Aug. 14, 1873)-v. 30, no. 20 (Jan. 17, 1902).</subfield></datafield><datafield ind1=" " ind2=" " tag="500"><subfield code="a">Publisher: John Davis, &lt;1876&gt;.</subfield></datafield><datafield ind1=" " ind2=" " tag="500"><subfield code="a">Editor: John Davis, &lt;1876&gt;.</subfield></datafield><datafield ind1=" " ind2=" " tag="580"><subfield code="a">Daily ed.: Daily Junction City tribune.</subfield></datafield><datafield ind1=" " ind2="0" tag="651"><subfield code="a">Junction City (Kan.)</subfield><subfield code="v">Newspapers.</subfield></datafield><datafield ind1=" " ind2="7" tag="655"><subfield code="a">Newspapers.</subfield><subfield code="2">fast</subfield><subfield code="0">(OCoLC)fst01423814</subfield></datafield><datafield ind1=" " ind2="7" tag="651"><subfield code="a">Kansas</subfield><subfield code="z">Junction City.</subfield><subfield code="2">fast</subfield><subfield code="0">(OCoLC)fst01219376</subfield></datafield><datafield ind1=" " ind2=" " tag="752"><subfield code="a">United States</subfield><subfield code="b">Kansas</subfield><subfield code="c">Geary</subfield><subfield code="d">Junction City.</subfield></datafield><datafield ind1="1" ind2=" " tag="775"><subfield code="t">Daily Junction City tribune</subfield><subfield code="w">(DLC)sn 82006866</subfield></datafield><datafield ind1="0" ind2="0" tag="785"><subfield code="t">Junction City republic</subfield><subfield code="w">(DLC)sn 82014020</subfield></datafield></record>